<record><leader>00000cas a22000007a 4500</leader><controlfield tag="001">36068086</controlfield><controlfield tag="008">961211d1926193uokuwr n       0    0eng d</controlfield><datafield ind1=" " ind2=" " tag="010"><subfield code="a">sn 96093276 </subfield></datafield><datafield ind1=" " ind2=" " tag="040"><subfield code="a">OBN</subfield><subfield code="b">eng</subfield><subfield code="c">OBN</subfield><subfield code="d">OCLCQ</subfield><subfield code="d">OCLCF</subfield><subfield code="d">OCLCO</subfield></datafield><datafield ind1="1" ind2=" " tag="029"><subfield code="a">AU@</subfield><subfield code="b">000012971948</subfield></datafield><datafield ind1=" " ind2=" " tag="042"><subfield code="a">msc</subfield></datafield><datafield ind1=" " ind2=" " tag="043"><subfield code="a">n-us-ok</subfield></datafield><datafield ind1="0" ind2="0" tag="245"><subfield code="a">Jackson County chronicle.</subfield></datafield><datafield ind1=" " ind2=" " tag="260"><subfield code="a">Altus, Jackson County, Okla. :</subfield><subfield code="b">J. Warren White</subfield></datafield><datafield ind1=" " ind2=" " tag="300"><subfield code="a">v.</subfield></datafield><datafield ind1=" " ind2=" " tag="310"><subfield code="a">Weekly</subfield></datafield><datafield ind1="1" ind2=" " tag="362"><subfield code="a">Began in Aug. 1926.</subfield></datafield><datafield ind1=" " ind2=" " tag="500"><subfield code="a">"The Chronicle was established as the Free Press in February, 1926, and changed to the Jackson County Chronicle in August of that year."</subfield></datafield><datafield ind1=" " ind2=" " tag="500"><subfield code="a">"The Olustee News Absorbed by Consolidation April 1, 1931."</subfield></datafield><datafield ind1=" " ind2=" " tag="588"><subfield code="a">Description based on: Vol. 1, no. 27 (Aug. 26, 1930).</subfield></datafield><datafield ind1=" " ind2="0" tag="651"><subfield code="a">Altus (Okla.)</subfield><subfield code="v">Newspapers.</subfield></datafield><datafield ind1=" " ind2="0" tag="651"><subfield code="a">Jackson County (Okla.)</subfield><subfield code="v">Newspapers.</subfield></datafield><datafield ind1=" " ind2="7" tag="655"><subfield code="a">Newspapers.</subfield><subfield code="2">fast</subfield><subfield code="0">(OCoLC)fst01423814</subfield></datafield><datafield ind1=" " ind2="7" tag="651"><subfield code="a">Oklahoma</subfield><subfield code="z">Altus.</subfield><subfield code="2">fast</subfield><subfield code="0">(OCoLC)fst01220304</subfield></datafield><datafield ind1=" " ind2="7" tag="651"><subfield code="a">Oklahoma</subfield><subfield code="z">Jackson County.</subfield><subfield code="2">fast</subfield><subfield code="0">(OCoLC)fst01215604</subfield></datafield><datafield ind1=" " ind2=" " tag="752"><subfield code="a">United States</subfield><subfield code="b">Oklahoma</subfield><subfield code="c">Jackson</subfield><subfield code="d">Altus.</subfield></datafield><datafield ind1="0" ind2="0" tag="780"><subfield code="t">Free press</subfield></datafield></record>